<records xmlns="http://www.openarchives.org/OAI/2.0/">
<record>
  <header status="active">
    <identifier>oai:mst.rochester.edu:marcnormalization/81</identifier>
    <datestamp />
    <predecessors>
      <predecessor>oai:mst.rochester.edu:81</predecessor>
    </predecessors>
    <setSpec>MARCXML Bibliographic Records</setSpec>
  </header>
  <metadata>
    <marc:record xmlns:marc="http://www.loc.gov/MARC21/slim" xmlns:xsi="http://www.w3.org/2001/XMLSchema-instance" xsi:schemaLocation="http://www.loc.gov/MARC21/slim http://www.loc.gov/standards/marcxml/schema/MARC21slim.xsd">
      <marc:leader>03469cas a2200613 a 4500</marc:leader>
      <marc:controlfield tag="001">2516299</marc:controlfield>
      <marc:controlfield tag="005">20030909102015.0</marc:controlfield>
      <marc:controlfield tag="008">751101c19699999dcu x    r   f0    0eng d</marc:controlfield>
      <marc:datafield tag="010" ind1=" " ind2=" ">
        <marc:subfield code="a">   76604050 </marc:subfield>
        <marc:subfield code="z">sn 87043020</marc:subfield>
      </marc:datafield>
      <marc:datafield tag="035" ind1=" " ind2=" ">
        <marc:subfield code="a">(OCoLC)1759180</marc:subfield>
      </marc:datafield>
      <marc:datafield tag="035" ind1=" " ind2=" ">
        <marc:subfield code="a">2516299</marc:subfield>
      </marc:datafield>
      <marc:datafield tag="037" ind1=" " ind2=" ">
        <marc:subfield code="b">U.S. Govt. Print. Off., Supt. of Docs., Mail Stop: SSOP, Washington, DC 20402-9328</marc:subfield>
      </marc:datafield>
      <marc:datafield tag="040" ind1=" " ind2=" ">
        <marc:subfield code="d">COO</marc:subfield>
        <marc:subfield code="d">VNN</marc:subfield>
        <marc:subfield code="d">GPO</marc:subfield>
        <marc:subfield code="d">NYG</marc:subfield>
        <marc:subfield code="d">OCL</marc:subfield>
        <marc:subfield code="d">GPO</marc:subfield>
        <marc:subfield code="d">IXA</marc:subfield>
        <marc:subfield code="d">GPO</marc:subfield>
        <marc:subfield code="d">RCS</marc:subfield>
        <marc:subfield code="d">GPO</marc:subfield>
        <marc:subfield code="d">OCL</marc:subfield>
        <marc:subfield code="d">GPO</marc:subfield>
        <marc:subfield code="d">HUL</marc:subfield>
        <marc:subfield code="d">DLC</marc:subfield>
        <marc:subfield code="d">GPO</marc:subfield>
        <marc:subfield code="d">DLC</marc:subfield>
        <marc:subfield code="d">MvI</marc:subfield>
        <marc:subfield code="d">MvI</marc:subfield>
      </marc:datafield>
      <marc:datafield tag="042" ind1=" " ind2=" ">
        <marc:subfield code="a">lc</marc:subfield>
      </marc:datafield>
      <marc:datafield tag="050" ind1=" " ind2=" ">
        <marc:subfield code="a">RS53</marc:subfield>
        <marc:subfield code="b">.N35</marc:subfield>
      </marc:datafield>
      <marc:datafield tag="060" ind1="0" ind2=" ">
        <marc:subfield code="a">QV 772 N2763</marc:subfield>
      </marc:datafield>
      <marc:datafield tag="074" ind1=" " ind2=" ">
        <marc:subfield code="a">0475-N</marc:subfield>
      </marc:datafield>
      <marc:datafield tag="074" ind1=" " ind2=" ">
        <marc:subfield code="a">0475-N (online)</marc:subfield>
      </marc:datafield>
      <marc:datafield tag="082" ind1="0" ind2="0">
        <marc:subfield code="a">615/.1/0285425</marc:subfield>
      </marc:datafield>
      <marc:datafield tag="086" ind1="0" ind2=" ">
        <marc:subfield code="a">HE 20.4012:</marc:subfield>
      </marc:datafield>
      <marc:datafield tag="245" ind1="0" ind2="0">
        <marc:subfield code="a">National drug code directory /</marc:subfield>
        <marc:subfield code="c">prepared by the Science Information Facility, Food and Drug Administration.</marc:subfield>
      </marc:datafield>
      <marc:datafield tag="246" ind1="1" ind2=" ">
        <marc:subfield code="i">At head of spine title:</marc:subfield>
        <marc:subfield code="a">NDC</marc:subfield>
        <marc:subfield code="f">&lt;1995-&gt;</marc:subfield>
      </marc:datafield>
      <marc:datafield tag="246" ind1="3" ind2="0">
        <marc:subfield code="a">Drug code directory</marc:subfield>
      </marc:datafield>
      <marc:datafield tag="260" ind1=" " ind2=" ">
        <marc:subfield code="a">Washington, D.C. :</marc:subfield>
        <marc:subfield code="b">Consumer Protection and Environmental Health Service, Public Health Service, U.S. Dept. of Health, Education, and Welfare :</marc:subfield>
        <marc:subfield code="b">U.S. G.P.O. [distributor,</marc:subfield>
        <marc:subfield code="c">1969-</marc:subfield>
      </marc:datafield>
      <marc:datafield tag="362" ind1="0" ind2=" ">
        <marc:subfield code="a">Oct. 1969-</marc:subfield>
      </marc:datafield>
      <marc:datafield tag="300" ind1=" " ind2=" ">
        <marc:subfield code="a">v. ;</marc:subfield>
        <marc:subfield code="c">28 cm.</marc:subfield>
      </marc:datafield>
      <marc:datafield tag="310" ind1=" " ind2=" ">
        <marc:subfield code="a">Irregular,</marc:subfield>
        <marc:subfield code="b">1976-</marc:subfield>
      </marc:datafield>
      <marc:datafield tag="321" ind1=" " ind2=" ">
        <marc:subfield code="a">Annual,</marc:subfield>
        <marc:subfield code="b">1969-1972</marc:subfield>
      </marc:datafield>
      <marc:datafield tag="490" ind1="1" ind2=" ">
        <marc:subfield code="a">1972-1976: DHEW publication ;</marc:subfield>
        <marc:subfield code="v">no. (FDA)</marc:subfield>
      </marc:datafield>
      <marc:datafield tag="490" ind1="1" ind2=" ">
        <marc:subfield code="a">1980-1985: HHS publication ;</marc:subfield>
        <marc:subfield code="v">no. (FDA)</marc:subfield>
      </marc:datafield>
      <marc:datafield tag="490" ind1="1" ind2=" ">
        <marc:subfield code="a">1995-   : DHHS publication ;</marc:subfield>
        <marc:subfield code="v">no. (FDA)</marc:subfield>
      </marc:datafield>
      <marc:datafield tag="500" ind1=" " ind2=" ">
        <marc:subfield code="a">Vols. for 1970-1972 published by the Public Health Service; 1976-   by the Public Health Service, Food and Drug Administration; 1980-   by the U.S. Dept. of Health and Human Services, Public Health Service, Food and Drug Administration.</marc:subfield>
      </marc:datafield>
      <marc:datafield tag="515" ind1=" " ind2=" ">
        <marc:subfield code="a">Issue for Oct. 1969 preceded by a prototype issue dated Apr. 1968.</marc:subfield>
      </marc:datafield>
      <marc:datafield tag="515" ind1=" " ind2=" ">
        <marc:subfield code="a">Issues for &lt;1976-&gt; published in 2 v.; suspended 1986-1994.</marc:subfield>
      </marc:datafield>
      <marc:datafield tag="530" ind1=" " ind2=" ">
        <marc:subfield code="a">Some issues also available via Internet from the FDA web site. Address as of 8/29/99: http://www.fda.gov/cder/ndc/index.htm; current access available via PURL.</marc:subfield>
      </marc:datafield>
      <marc:datafield tag="550" ind1=" " ind2=" ">
        <marc:subfield code="a">Issues for 1971-1972 prepared by: the Office of Scientific Coordination, Bureau of Drugs, Food and Drug Administration; 1976-1985 by: the Drug Listing Branch, Food and Drug Administration; 1995-   by: Product Information Management Branch, Division of Management and Budget, Center for Drug Evaluation and Research, Food and Drug Administration.</marc:subfield>
      </marc:datafield>
      <marc:datafield tag="580" ind1=" " ind2=" ">
        <marc:subfield code="a">Vols. for 19  -1976 kept up to date by: Supplement to the ... National drug code directory, which ceased with v. 1, no. 36, Mar. 1981.</marc:subfield>
      </marc:datafield>
      <marc:datafield tag="525" ind1=" " ind2=" ">
        <marc:subfield code="a">Vols. for 1980-198 kept up to date by quarterly supplements.</marc:subfield>
      </marc:datafield>
      <marc:datafield tag="650" ind1=" " ind2="0">
        <marc:subfield code="a">Information storage and retrieval systems</marc:subfield>
        <marc:subfield code="v">Code numbers</marc:subfield>
        <marc:subfield code="v">Periodicals.</marc:subfield>
      </marc:datafield>
      <marc:datafield tag="650" ind1=" " ind2="0">
        <marc:subfield code="a">Drugs</marc:subfield>
        <marc:subfield code="v">Indexes</marc:subfield>
        <marc:subfield code="v">Periodicals.</marc:subfield>
      </marc:datafield>
      <marc:datafield tag="650" ind1=" " ind2="2">
        <marc:subfield code="a">Catalogs, Drug</marc:subfield>
        <marc:subfield code="z">United States.</marc:subfield>
      </marc:datafield>
      <marc:datafield tag="650" ind1=" " ind2="2">
        <marc:subfield code="a">Pharmaceutical Preparations</marc:subfield>
        <marc:subfield code="v">Terminology.</marc:subfield>
      </marc:datafield>
      <marc:datafield tag="770" ind1="1" ind2=" ">
        <marc:subfield code="t">Supplement to the ... National drug code directory</marc:subfield>
        <marc:subfield code="w">(OCoLC)5157431</marc:subfield>
      </marc:datafield>
      <marc:datafield tag="710" ind1="1" ind2=" ">
        <marc:subfield code="a">United States.</marc:subfield>
        <marc:subfield code="b">Food and Drug Administration.</marc:subfield>
        <marc:subfield code="b">Science Information Facility.</marc:subfield>
      </marc:datafield>
      <marc:datafield tag="710" ind1="1" ind2=" ">
        <marc:subfield code="a">United States.</marc:subfield>
        <marc:subfield code="b">Food and Drug Administration.</marc:subfield>
        <marc:subfield code="b">Bureau of Drugs.</marc:subfield>
        <marc:subfield code="b">Office of Scientific Coordination.</marc:subfield>
      </marc:datafield>
      <marc:datafield tag="710" ind1="1" ind2=" ">
        <marc:subfield code="a">United States.</marc:subfield>
        <marc:subfield code="b">Food and Drug Administration.</marc:subfield>
        <marc:subfield code="b">Drug Listing Branch.</marc:subfield>
      </marc:datafield>
      <marc:datafield tag="710" ind1="2" ind2=" ">
        <marc:subfield code="a">Center for Drug Evaluation and Research (U.S.).</marc:subfield>
        <marc:subfield code="b">Product Information Management Branch.</marc:subfield>
      </marc:datafield>
      <marc:datafield tag="830" ind1=" " ind2="0">
        <marc:subfield code="a">DHEW publication ;</marc:subfield>
        <marc:subfield code="v">no. (FDA)</marc:subfield>
      </marc:datafield>
      <marc:datafield tag="830" ind1=" " ind2="0">
        <marc:subfield code="a">HHS publication ;</marc:subfield>
        <marc:subfield code="v">no. (FDA)</marc:subfield>
      </marc:datafield>
      <marc:datafield tag="830" ind1=" " ind2="0">
        <marc:subfield code="a">DHHS publication ;</marc:subfield>
        <marc:subfield code="v">no. (FDA)</marc:subfield>
      </marc:datafield>
      <marc:datafield tag="850" ind1=" " ind2=" ">
        <marc:subfield code="a">DLC</marc:subfield>
        <marc:subfield code="a">MBCo</marc:subfield>
        <marc:subfield code="a">TxU</marc:subfield>
      </marc:datafield>
      <marc:datafield tag="949" ind1=" " ind2=" ">
        <marc:subfield code="l">MinerGovDc</marc:subfield>
        <marc:subfield code="m">Monograph</marc:subfield>
      </marc:datafield>
      <marc:datafield tag="949" ind1=" " ind2=" ">
        <marc:subfield code="l">Internet</marc:subfield>
      </marc:datafield>
      <marc:datafield tag="931" ind1=" " ind2=" ">
        <marc:subfield code="a">Text</marc:subfield>
        <marc:subfield code="5">NRU</marc:subfield>
      </marc:datafield>
      <marc:datafield tag="932" ind1=" " ind2=" ">
        <marc:subfield code="a">Language material</marc:subfield>
        <marc:subfield code="5">NRU</marc:subfield>
      </marc:datafield>
      <marc:datafield tag="933" ind1=" " ind2=" ">
        <marc:subfield code="a">Text</marc:subfield>
        <marc:subfield code="5">NRU</marc:subfield>
      </marc:datafield>
      <marc:datafield tag="935" ind1=" " ind2=" ">
        <marc:subfield code="a">Serial</marc:subfield>
        <marc:subfield code="5">NRU</marc:subfield>
      </marc:datafield>
      <marc:datafield tag="937" ind1=" " ind2=" ">
        <marc:subfield code="a">Non-Fiction</marc:subfield>
        <marc:subfield code="5">NRU</marc:subfield>
      </marc:datafield>
      <marc:datafield tag="939" ind1=" " ind2=" ">
        <marc:subfield code="a">1969-    </marc:subfield>
        <marc:subfield code="5">NRU</marc:subfield>
      </marc:datafield>
      <marc:datafield tag="941" ind1=" " ind2=" ">
        <marc:subfield code="a">eng</marc:subfield>
        <marc:subfield code="5">NRU</marc:subfield>
      </marc:datafield>
      <marc:datafield tag="943" ind1=" " ind2=" ">
        <marc:subfield code="a">English</marc:subfield>
        <marc:subfield code="5">NRU</marc:subfield>
      </marc:datafield>
      <marc:controlfield tag="003">NRU</marc:controlfield>
      <marc:datafield tag="035" ind1=" " ind2=" ">
        <marc:subfield code="a">(NRU)2516299</marc:subfield>
      </marc:datafield>
      <marc:datafield tag="130" ind1="0" ind2=" ">
        <marc:subfield code="a">National drug code directory /</marc:subfield>
      </marc:datafield>
      <marc:datafield tag="965" ind1=" " ind2="0">
        <marc:subfield code="a">Information storage and retrieval systems</marc:subfield>
        <marc:subfield code="5">NRU</marc:subfield>
      </marc:datafield>
      <marc:datafield tag="965" ind1=" " ind2="0">
        <marc:subfield code="a">Drugs</marc:subfield>
        <marc:subfield code="5">NRU</marc:subfield>
      </marc:datafield>
      <marc:datafield tag="965" ind1=" " ind2="2">
        <marc:subfield code="a">Catalogs, Drug</marc:subfield>
        <marc:subfield code="5">NRU</marc:subfield>
      </marc:datafield>
      <marc:datafield tag="965" ind1=" " ind2="2">
        <marc:subfield code="a">Pharmaceutical Preparations</marc:subfield>
        <marc:subfield code="5">NRU</marc:subfield>
      </marc:datafield>
      <marc:datafield tag="967" ind1=" " ind2="2">
        <marc:subfield code="z">United States.</marc:subfield>
        <marc:subfield code="5">NRU</marc:subfield>
      </marc:datafield>
      <marc:datafield tag="969" ind1=" " ind2="0">
        <marc:subfield code="v">Code numbers</marc:subfield>
        <marc:subfield code="5">NRU</marc:subfield>
      </marc:datafield>
      <marc:datafield tag="969" ind1=" " ind2="0">
        <marc:subfield code="v">Periodicals.</marc:subfield>
        <marc:subfield code="5">NRU</marc:subfield>
      </marc:datafield>
      <marc:datafield tag="969" ind1=" " ind2="0">
        <marc:subfield code="v">Indexes</marc:subfield>
        <marc:subfield code="5">NRU</marc:subfield>
      </marc:datafield>
      <marc:datafield tag="969" ind1=" " ind2="2">
        <marc:subfield code="v">Terminology.</marc:subfield>
        <marc:subfield code="5">NRU</marc:subfield>
      </marc:datafield>
    </marc:record>
  </metadata>
</record>
</records>
